@article{shor1999polynomial,
  title={Polynomial-time algorithms for prime factorization and discrete logarithms on a quantum computer},
  author={Shor, Peter W},
  journal={SIAM review},
  volume={41},
  number={2},
  pages={303--332},
  year={1999},
  publisher={SIAM}
}
@article{wang201816,
  title={16-qubit {IBM} universal quantum computer can be fully entangled},
  author={Wang, Yuanhao and Li, Ying and Yin, Zhang-qi and Zeng, Bei},
  journal={arXiv preprint arXiv:1801.03782},
  year={2018}
}
@article{bristlecone2018,
  title={A Preview of Bristlecone, {Googleâ€™s} New Quantum Processor},
  author={Julian Kelly},
  year={2018},
  URL={https://ai.googleblog.com/2018/03/a-preview-of-bristlecone-googles-new.html},
  journal={Science}
}
@article {Bravyi308,
	author = {Bravyi, Sergey and Gosset, David and K{\"o}nig, Robert},
	title = {Quantum advantage with shallow circuits},
	volume = {362},
	number = {6412},
	pages = {308--311},
	year = {2018},
	doi = {10.1126/science.aar3106},
	publisher = {American Association for the Advancement of Science},
	issn = {0036-8075},
	URL = {http://science.sciencemag.org/content/362/6412/308},
	eprint = {http://science.sciencemag.org/content/362/6412/308.full.pdf},
	journal = {Science}
}
@article{dattani2014quantum,
  title={Quantum factorization of 56153 with only 4 qubits},
  author={Dattani, Nikesh S and Bryans, Nathaniel},
  journal={arXiv preprint arXiv:1411.6758},
  year={2014}
}
@article{21factorshors2012,
  title={Experimental realization of {Shor's} quantum factoring algorithm using qubit recycling},
  author={Mart{\'i}n-L{\'o}pez, Enrique and Laing, Anthony and Lawson, Thomas and Alvarez, Roberto and Zhou, Xiao-Qi and O'Brien, Jeremy L.},
  journal={Nature Photonics},
  year={2012},
  month={Oct},
  day={21},
  publisher={Nature Publishing Group SN  -},
  volume={6},
  url={https://doi.org/10.1038/nphoton.2012.259}
}
@article{GNFS2006,
  author={Lenstra A.K. and Lenstra H.W. and Manasse M.S. and Pollard J.M.},
  year={1993},
  title={The number field sieve},
  doi={https://doi.org/10.1007/BFb0091537},
  journal={Lecture Notes in Mathematics, vol 1554}
}
@article{proos2003shor,
  title={Shor's discrete logarithm quantum algorithm for elliptic curves},
  author={Proos, John and Zalka, Christof},
  journal={arXiv preprint quant-ph/0301141},
  year={2003}
}
@article{ponnath2006difficulties,
  title={Difficulties in the implementation of quantum computers},
  author={Ponnath, Abhilash},
  journal={arXiv preprint cs/0602096},
  year={2006}
}
@article{mukhopadhyay2014securing,
  title={Securing the data in clouds with hyperelliptic curve cryptography},
  author={Mukhopadhyay, Debajyoti and Shirwadkar, Ashay and Gaikar, Pratik and Agrawal, Tanmay},
  journal={arXiv preprint arXiv:1411.6771},
  year={2014}
}
@book{wollinger2004software,
  title={Software and hardware implementation of hyperelliptic curve cryptosystems},
  author={Wollinger, Thomas},
  year={2004},
  publisher={Ruhr University Bochum}
}
@inproceedings{gura2004comparing,
  title={Comparing elliptic curve cryptography and RSA on 8-bit CPUs},
  author={Gura, Nils and Patel, Arun and Wander, Arvinderpal and Eberle, Hans and Shantz, Sheueling Chang},
  booktitle={International workshop on cryptographic hardware and embedded systems},
  pages={119--132},
  year={2004},
  organization={Springer}
}
@Article{Galbraith2016,
author="Galbraith, Steven D.
and Gaudry, Pierrick",
title="Recent progress on the elliptic curve discrete logarithm problem",
journal="Designs, Codes and Cryptography",
year="2016",
month="Jan",
day="01",
volume="78",
number="1",
pages="51--72",
abstract="We survey recent work on the elliptic curve discrete logarithm problem. In particular we review index calculus algorithms using summation as, and claims about their complexity.",
issn="1573-7586",
doi="10.1007/s10623-015-0146-7",
url="https://doi.org/10.1007/s10623-015-0146-7"
}
@article{gaudry2009arithmetic,
  title={The arithmetic of characteristic 2 Kummer surfaces and of elliptic Kummer lines},
  author={Gaudry, Pierrick and Lubicz, David},
  journal={Finite Fields and Their Applications},
  volume={15},
  number={2},
  pages={246--260},
  year={2009}
}
@book{cohen2005handbook,
  title={Handbook of elliptic and hyperelliptic curve cryptography},
  author={Cohen, Henri and Frey, Gerhard and Avanzi, Roberto and Doche, Christophe and Lange, Tanja and Nguyen, Kim and Vercauteren, Frederik},
  year={2005},
  publisher={CRC press}
}
@article{cantor1987computing,
  title={Computing in the Jacobian of a hyperelliptic curve},
  author={Cantor, David G},
  journal={Mathematics of computation},
  volume={48},
  number={177},
  pages={95--101},
  year={1987}
}
@article{scholten2003introduction,
  title={An introduction to elliptic and hyperelliptic curve cryptography and the ntru cryptosystem},
  author={Scholten, Jasper and Vercauteren, Frederik},
  journal={State of the Art in Applied Cryptography, COSIC},
  volume={3},
  year={2003}
}
@inproceedings{pelzl2003hyperelliptic,
  title={Hyperelliptic curve cryptosystems: Closing the performance gap to elliptic curves},
  author={Pelzl, Jan and Wollinger, Thomas and Guajardo, Jorge and Paar, Christof},
  booktitle={International Workshop on Cryptographic Hardware and Embedded Systems},
  pages={351--365},
  year={2003},
  organization={Springer}
}
@article{Diffie:2006:NDC:2263321.2269104,
 author = {Diffie, W. and Hellman, M.},
 title = {New Directions in Cryptography},
 journal = {IEEE Trans. Inf. Theor.},
 issue_date = {November 1976},
 volume = {22},
 number = {6},
 month = sep,
 year = {2006},
 issn = {0018-9448},
 pages = {644--654},
 numpages = {11},
 url = {http://dx.doi.org/10.1109/TIT.1976.1055638},
 doi = {10.1109/TIT.1976.1055638},
 acmid = {2269104},
 publisher = {IEEE Press},
 address = {Piscataway, NJ, USA},
} 
@article{10007220734,
author="KNUTH, D. E.",
title="Seminumerical algorithms",
journal="The Art of Computer Programming",
publisher="Addison-Wesley",
year="1969",
volume="2",
URL="https://ci.nii.ac.jp/naid/10007220734/en/",
}
@misc{mcclellan1974art,
  title={The art of computer programming, vol. 3: sorting and searching},
  author={McClellan, Michael T and Minker, Jack},
  year={1974},
  publisher={JSTOR}
}
@inproceedings{theriault2003index,
  title={Index calculus attack for hyperelliptic curves of small genus},
  author={Th{\'e}riault, Nicolas},
  booktitle={International Conference on the Theory and Application of Cryptology and Information Security},
  pages={75--92},
  year={2003},
  organization={Springer}
}
@misc{cryptoeprint:2012:670,
    author = {Joppe W. Bos and Craig Costello and Huseyin Hisil and Kristin Lauter},
    title = {Fast Cryptography in Genus 2},
    howpublished = {Cryptology ePrint Archive, Report 2012/670},
    year = {2012},
    note = {\url{https://eprint.iacr.org/2012/670}},
}
@book{tretter1976introduction,
  title={Introduction to discrete-time signal processing},
  author={Tretter, Steven A},
  year={1976},
  publisher={Wiley New York}
}
@misc{1402.4467,
  author = {Dave Wecker and Krysta M.~Svore},
  title = {{LIQU}i|>: {A} {S}oftware {D}esign {A}rchitecture and {D}omain-{S}pecific 
            {L}anguage for {Q}uantum {C}omputing},
  year = {2014},
  eprint = {1402.4467},
  url = {arXiv:1402.4467v1}
}
@article{cleve1998quantum,
  title={Quantum algorithms revisited},
  author={Cleve, Richard and Ekert, Artur and Macchiavello, Chiara and Mosca, Michele},
  journal={Proceedings of the Royal Society of London. Series A: Mathematical, Physical and Engineering Sciences},
  volume={454},
  number={1969},
  pages={339--354},
  year={1998},
  publisher={The Royal Society}
}
@article{kendon2004entanglement,
  title={Entanglement and its Role in Shor's Algorithm},
  author={Kendon, Vivien M and Munro, William J},
  journal={arXiv preprint quant-ph/0412140},
  year={2004}
}
@misc{nielsen2002quantum,
  title={Quantum computation and quantum information},
  author={Nielsen, Michael A and Chuang, Isaac},
  year={2002},
  publisher={AAPT}
}
@article{ekeraa2016modifying,
  title={Modifying Shor's algorithm to compute short discrete logarithms.},
  author={Eker{\aa}, Martin},
  journal={IACR Cryptology ePrint Archive},
  volume={2016},
  pages={1128},
  year={2016}
}
@inproceedings{roetteler2017quantum,
  title={Quantum resource estimates for computing elliptic curve discrete logarithms},
  author={Roetteler, Martin and Naehrig, Michael and Svore, Krysta M and Lauter, Kristin},
  booktitle={International Conference on the Theory and Application of Cryptology and Information Security},
  pages={241--270},
  year={2017},
  organization={Springer}
}
@article{mooney2019entanglement,
  title={Entanglement in a 20-Qubit Superconducting Quantum Computer},
  author={Mooney, Gary J and Hill, Charles D and Hollenberg, Lloyd CL},
  journal={arXiv preprint arXiv:1903.11747},
  year={2019}
}
@inproceedings{duquesne2004montgomery,
  title={Montgomery scalar multiplication for genus 2 curves},
  author={Duquesne, Sylvain},
  booktitle={International Algorithmic Number Theory Symposium},
  pages={153--168},
  year={2004},
  organization={Springer}
}
@article{saeedi2013quantum,
  title={Quantum Circuits for GCD Computation with O (nlog n) Depth and O (n) Ancillae},
  author={Saeedi, Mehdi and Markov, Igor L},
  journal={arXiv preprint arXiv:1304.7516},
  year={2013}
}
@misc{quantumslides,
 title={Introduction to Molecular and Quantum Computation},
 author={Iain Styles, Jon Rowe},
 year={2008},
 howpublished="\url{http://www.cs.bham.ac.uk/internal/courses/intro-mqc/current/}"
}
